<record><leader>00000cas a22000007a 4500</leader><controlfield tag="001">34279115</controlfield><controlfield tag="008">960228d192u1925caudn ne      0    0eng d</controlfield><datafield ind1=" " ind2=" " tag="010"><subfield code="a">sn 96061000 </subfield></datafield><datafield ind1=" " ind2=" " tag="040"><subfield code="a">CNK</subfield><subfield code="b">eng</subfield><subfield code="c">CNK</subfield><subfield code="d">OCLCQ</subfield><subfield code="d">OCLCF</subfield><subfield code="d">OCLCO</subfield></datafield><datafield ind1="1" ind2=" " tag="029"><subfield code="a">AU@</subfield><subfield code="b">000025929443</subfield></datafield><datafield ind1=" " ind2=" " tag="042"><subfield code="a">msc</subfield></datafield><datafield ind1=" " ind2=" " tag="043"><subfield code="a">n-us-ca</subfield></datafield><datafield ind1="0" ind2=" " tag="130"><subfield code="a">Morning observer (Hollister, Calif.)</subfield></datafield><datafield ind1="1" ind2="0" tag="245"><subfield code="a">Morning observer.</subfield></datafield><datafield ind1=" " ind2=" " tag="260"><subfield code="a">Hollister, San Benito County, Calif. :</subfield><subfield code="b">A. Bert Bynon</subfield></datafield><datafield ind1=" " ind2=" " tag="300"><subfield code="a">v.</subfield></datafield><datafield ind1=" " ind2=" " tag="310"><subfield code="a">Daily (except Mon.)</subfield></datafield><datafield ind1="1" ind2=" " tag="362"><subfield code="a">Ceased in 1925.</subfield></datafield><datafield ind1=" " ind2=" " tag="580"><subfield code="a">Continued by a prohibition periodical.</subfield></datafield><datafield ind1=" " ind2=" " tag="588"><subfield code="a">Description based on: Vol. 2, no. 203 (July 1, 1924).</subfield></datafield><datafield ind1=" " ind2="0" tag="651"><subfield code="a">Hollister (Calif.)</subfield><subfield code="v">Newspapers.</subfield></datafield><datafield ind1=" " ind2="7" tag="655"><subfield code="a">Newspapers.</subfield><subfield code="2">fast</subfield><subfield code="0">(OCoLC)fst01423814</subfield></datafield><datafield ind1=" " ind2="7" tag="651"><subfield code="a">California</subfield><subfield code="z">Hollister.</subfield><subfield code="2">fast</subfield><subfield code="0">(OCoLC)fst01215512</subfield></datafield><datafield ind1=" " ind2=" " tag="752"><subfield code="a">United States</subfield><subfield code="b">California</subfield><subfield code="c">San Benito</subfield><subfield code="d">Hollister.</subfield></datafield><datafield ind1="0" ind2="0" tag="785"><subfield code="t">Observer (Hollister, Calif.)</subfield></datafield></record>